@book{ text,
author = {Kenneth Falconer},
title = {Fractal Geometry},
edition = {3},
publisher = {John Wiley \& Sons},
isbn = {9781119942369}
}
